% Application of lpreba package

@article{Hahn_2001,
  author = {Hahn, J. and Todd, P. and Van der Klaauw, W.},
  year = {2001},
  title = {Identification and estimation of treatment effects with a regression-discontinuity design},
  journaltitle = {Econometrica},
  volume = {69},
  number = {1},
  pages = {201--209}
}

@article{Lee_2008,
  author = {Lee, D.},
  year = {2008},
  title = {Randomized experiments from non-random selection in U.S. House elections},
  journaltitle = {Journal of Econometrics},
  volume = {142},
  number = {2},
  pages = {675--697}
}

@article{Porter_2003,
  author = {Porter, J.},
  year = {2003},
  title = {Estimation in the regression discontinuity model},
  url = {www.ssc.wisc.edu/~jrporter/reg_discont_2003.pdf},
  addendum = {Unpublished}
}

@article{Thistlethwaite_1960,
  author = {Thistlethwaite, D. and Campbell, D.},
  year = {1960},
  title = {Regression-discontinuity analysis: An alternative to the ex post facto experiment},
  journaltitle = {Journal of Educational Psychology},
  volume = {51},
  number = {6},
  pages = {309--317}
}